<record><leader>00000cas a22000007a 4500</leader><controlfield tag="001">10090186</controlfield><controlfield tag="008">831103d18551860mnudn ne      0    0eng  </controlfield><controlfield tag="009">466</controlfield><datafield ind1=" " ind2=" " tag="010"><subfield code="a">sn 83016744 </subfield></datafield><datafield ind1=" " ind2=" " tag="040"><subfield code="a">DLC</subfield><subfield code="b">eng</subfield><subfield code="c">DLC</subfield><subfield code="d">NPX</subfield><subfield code="d">MN#</subfield><subfield code="d">OCL</subfield><subfield code="d">DLC</subfield><subfield code="d">KRTAS</subfield><subfield code="d">OCLCO</subfield><subfield code="d">OCLCF</subfield></datafield><datafield ind1=" " ind2=" " tag="042"><subfield code="a">msc</subfield></datafield><datafield ind1=" " ind2=" " tag="043"><subfield code="a">n-us-mn</subfield></datafield><datafield ind1="0" ind2="0" tag="050"><subfield code="a">Newspaper 8503</subfield></datafield><datafield ind1=" " ind2=" " tag="052"><subfield code="a">4144</subfield><subfield code="b">S4</subfield></datafield><datafield ind1="0" ind2="4" tag="245"><subfield code="a">The daily pioneer and Democrat.</subfield></datafield><datafield ind1="3" ind2="0" tag="246"><subfield code="a">Pioneer and democrat</subfield></datafield><datafield ind1=" " ind2=" " tag="260"><subfield code="a">Saint Paul, Minn. Territory :</subfield><subfield code="b">[s.n.],</subfield><subfield code="c">1855-1860.</subfield></datafield><datafield ind1=" " ind2=" " tag="300"><subfield code="a">v.</subfield></datafield><datafield ind1=" " ind2=" " tag="310"><subfield code="a">Daily (except Monday),</subfield><subfield code="b">Apr. 5, 1857-July 13, 1860</subfield></datafield><datafield ind1=" " ind2=" " tag="321"><subfield code="a">Daily (except Sunday),</subfield><subfield code="b">&lt;Nov. 1, 1855&gt;-Mar. 28, 1857</subfield></datafield><datafield ind1="0" ind2=" " tag="362"><subfield code="a">New ser., no. 1 (Nov. 1, 1855)-new ser., no. 1335 (July 13, 1860) = whole no. 468-whole no. 1925.</subfield></datafield><datafield ind1=" " ind2=" " tag="530"><subfield code="a">Available on microfilm from the Minnesota Historical Society.</subfield></datafield><datafield ind1=" " ind2=" " tag="580"><subfield code="a">Merger of: St. Paul daily Democrat, and: Daily Minnesota pioneer.</subfield></datafield><datafield ind1=" " ind2="0" tag="651"><subfield code="a">Saint Paul (Minn.)</subfield><subfield code="v">Newspapers.</subfield></datafield><datafield ind1=" " ind2="0" tag="651"><subfield code="a">Ramsey County (Minn.)</subfield><subfield code="v">Newspapers.</subfield></datafield><datafield ind1=" " ind2="7" tag="655"><subfield code="a">Newspapers.</subfield><subfield code="2">fast</subfield><subfield code="0">(OCoLC)fst01423814</subfield></datafield><datafield ind1=" " ind2="7" tag="651"><subfield code="a">Minnesota</subfield><subfield code="z">Ramsey County.</subfield><subfield code="2">fast</subfield><subfield code="0">(OCoLC)fst01213443</subfield></datafield><datafield ind1=" " ind2="7" tag="651"><subfield code="a">Minnesota</subfield><subfield code="z">Saint Paul.</subfield><subfield code="2">fast</subfield><subfield code="0">(OCoLC)fst01212130</subfield></datafield><datafield ind1=" " ind2=" " tag="752"><subfield code="a">United States</subfield><subfield code="b">Minnesota</subfield><subfield code="c">Ramsey</subfield><subfield code="d">Saint Paul.</subfield></datafield><datafield ind1="0" ind2=" " tag="775"><subfield code="t">Weekly pioneer and Democrat</subfield><subfield code="w">(DLC)sn 83016751</subfield><subfield code="w">(OCoLC)10093105</subfield></datafield><datafield ind1="1" ind2="4" tag="780"><subfield code="t">St. Paul daily Democrat</subfield><subfield code="w">(DLC)sn 83016818</subfield><subfield code="w">(OCoLC)10154594</subfield></datafield><datafield ind1="1" ind2="4" tag="780"><subfield code="t">Daily Minnesota pioneer</subfield><subfield code="w">(DLC)sn 84035804</subfield><subfield code="w">(OCoLC)11315432</subfield></datafield><datafield ind1="0" ind2="0" tag="785"><subfield code="t">Pioneer and Democrat</subfield><subfield code="w">(DLC)sn 83016745</subfield><subfield code="w">(OCoLC)10090222</subfield></datafield><datafield ind1=" " ind2=" " tag="938"><subfield code="a">Kirtas Technologies, Inc.</subfield><subfield code="b">KRTS</subfield><subfield code="n">737635</subfield></datafield></record>